######################################################################Knowledge base construction ######
@inproceedings{Mintz2009DistantSF,
  title={Distant supervision for relation extraction without labeled data},
  author={Mike Mintz and Steven Bills and Rion Snow and Daniel Jurafsky},
  booktitle={ACL/IJCNLP},
  year={2009}
}

@inproceedings{Exner2012EntityEF,
  title={Entity Extraction: From Unstructured Text to DBpedia RDF Triples},
  author={Peter Exner and Pierre Nugues},
  year={2012}
}

@inproceedings{Aprosio2013ExtendingTC,
  title={Extending the Coverage of DBpedia Properties using Distant Supervision over Wikipedia},
  author={Alessio Palmero Aprosio and Claudio Giuliano and Alberto Lavelli},
  booktitle={NLP-DBPEDIA@ISWC},
  year={2013}
}

@inproceedings{Soderland2013OpenIE,
  title={Open Information Extraction to KBP Relations in 3 Hours},
  author={Stephen Soderland and John Gilmer and Robert Bart and Oren Etzioni and Daniel S. Weld},
  booktitle={TAC},
  year={2013}
}

@inproceedings{Roth2015EffectiveDS,
  title={Effective distant supervision for end-to-end knowledge base population systems},
  author={Benjamin Roth},
  year={2015}
}

@inproceedings{Cannaviccio2016AccurateFH,
  title={Accurate fact harvesting from natural language text in wikipedia with Lector},
  author={Matteo Cannaviccio and Denilson Barbosa and Paolo Merialdo},
  booktitle={WebDB},
  year={2016}
}

@inproceedings{Palomares2016WikipediaKG,
  title={Wikipedia Knowledge Graph with DeepDive},
  author={Thomas Palomares and Youssef Ahres and Juhana Kangaspunta and Claudia Ernestina Re},
  booktitle={Wiki@ICWSM},
  year={2016}
}
##################################################################Data Programming
@inproceedings{Ratner2016DataPC,
  title={Data Programming: Creating Large Training Sets, Quickly},
  author={Alexander Ratner and Christopher De Sa and Sen Wu and Daniel Selsam and Claudia Ernestina Re},
  booktitle={NIPS},
  year={2016}
}

@inproceedings{Ehrenberg2016DataPW,
  title={Data programming with DDLite: putting humans in a different part of the loop},
  author={Henry R. Ehrenberg and Jaeho Shin and Alexander J. Ratner and Jason A. Fries and Claudia Ernestina Re},
  booktitle={HILDA@SIGMOD},
  year={2016}
}

@inproceedings{Bach2017LearningTS,
  title={Learning the Structure of Generative Models without Labeled Data},
  author={Stephen H. Bach and Bryan Dawei He and Alexander Ratner and Claudia Ernestina Re},
  booktitle={ICML},
  year={2017}
}



@online{WEB:weak_supervision:2017,
  author = {Hazyresearch},
  title = {Data Programming:Machine Learning with Weak Supervision},
  year = {2017},
  url = {https://hazyresearch.github.io/snorkel/blog/weak_supervision.html},
  urldate = {2018-03-01}
}

